@online{rlabbe,
  author = {Roger Labbe},
  title = {Kalman and Bayesian Filters in Python}
  url = {https://github.com/rlabbe/Kalman-and-Bayesian-Filters-in-Python}
}
